<?xml version="1.0" encoding="UTF-8"?><collection xmlns="http://www.loc.gov/MARC21/slim"><record><leader>00682nam--2200205-u-4500</leader><controlfield tag="001">000052170</controlfield><controlfield tag="002">20161230</controlfield><controlfield tag="005">20161230201049</controlfield><controlfield tag="008">100218s1000------------r-----000-0-eng-d</controlfield><datafield ind1=" " ind2=" " tag="020"><subfield code="a">9783110218527</subfield></datafield><datafield ind1=" " ind2=" " tag="040"><subfield code="a">IFIN-HH</subfield></datafield><datafield ind1=" " ind2=" " tag="080"><subfield code="a">51</subfield></datafield><datafield ind1="1" ind2=" " tag="100"><subfield code="a">Popescu, I.I</subfield></datafield><datafield ind1="1" ind2="0" tag="245"><subfield code="a">World frequency studies</subfield><subfield code="c">Ioan-iovitz popescu, gabriel altmann, peter grzybek, bijapur d. jayaram, reinhard kohler, viktor krupa, jan macutek, regina pustet, ludmilla uhlirova, matummal n. vudya</subfield></datafield><datafield ind1=" " ind2=" " tag="260"><subfield code="a">Berlin</subfield><subfield code="b">Mouton De Gruyter</subfield><subfield code="c">2009</subfield></datafield><datafield ind1=" " ind2=" " tag="300"><subfield code="a">XI+278 P</subfield></datafield><datafield ind1=" " ind2=" " tag="490"><subfield code="a">Quantitative Linguistics</subfield><subfield code="v">Vol. 64</subfield></datafield><datafield ind1="1" ind2=" " tag="700"><subfield code="a">Vidya, Matummal N</subfield></datafield><datafield ind1=" " ind2=" " tag="852"><subfield code="a">82280</subfield><subfield code="c">51</subfield></datafield><datafield ind1=" " ind2=" " tag="CAT"><subfield code="a">Sys</subfield><subfield code="c">20150928</subfield><subfield code="h">102202</subfield></datafield></record></collection>